@misc{garneau2020robust,
	title={{A Robust Self-Learning Method for Fully Unsupervised Cross-Lingual Mappings of Word Embeddings: Making the Method Robustly Reproducible as Well}}, 
	author={Nicolas Garneau and Mathieu Godbout and David Beauchemin and Audrey Durand and Luc Lamontagne},
	year={2020},
	eprint={1912.01706}
}